<?xml version="1.0" encoding="UTF-8"?><collection xmlns="http://www.loc.gov/MARC21/slim"><record><leader>00514nam--2200181-u-4500</leader><controlfield tag="001">000052719</controlfield><controlfield tag="002">20161230</controlfield><controlfield tag="005">20161230201050</controlfield><controlfield tag="008">101005s1000------------r-----000-0-eng-d</controlfield><datafield ind1=" " ind2=" " tag="040"><subfield code="a">IFIN-HH</subfield></datafield><datafield ind1=" " ind2=" " tag="080"><subfield code="a">534</subfield></datafield><datafield ind1="1" ind2=" " tag="100"><subfield code="a">Lefschetz, S</subfield></datafield><datafield ind1="1" ind2="0" tag="245"><subfield code="a">Contributions to the Theory of Nonlinear Oscillations</subfield><subfield code="c">S. Lefschetz (Ed.)</subfield></datafield><datafield ind1=" " ind2=" " tag="260"><subfield code="a">Princeton</subfield><subfield code="b">Pricenton University Press</subfield><subfield code="c">1950</subfield></datafield><datafield ind1=" " ind2=" " tag="300"><subfield code="a">350 p</subfield></datafield><datafield ind1=" " ind2=" " tag="490"><subfield code="a">Annals of Mathematics Studies</subfield><subfield code="v">Number 20</subfield></datafield><datafield ind1=" " ind2=" " tag="852"><subfield code="a">856</subfield><subfield code="c">534</subfield></datafield><datafield ind1=" " ind2=" " tag="CAT"><subfield code="a">Sys</subfield><subfield code="c">20101005</subfield><subfield code="h">112431</subfield></datafield></record></collection>